[gd_scene load_steps=6 format=3 uid="uid://bykips040pqvd"]

[ext_resource type="Script" path="res://Player_2.gd" id="1_4qqay"]
[ext_resource type="Texture2D" uid="uid://ctry1jcwa67wv" path="res://img/player2.png" id="2_t21ti"]

[sub_resource type="CircleShape2D" id="CircleShape2D_0s046"]
radius = 54.01

[sub_resource type="CircleShape2D" id="CircleShape2D_nmn4d"]
radius = 56.0

[sub_resource type="CircleShape2D" id="CircleShape2D_7asno"]
radius = 165.08

[node name="Player 2" type="CharacterBody2D"]
position = Vector2(483, 285)
script = ExtResource("1_4qqay")

[node name="Sprite2D" type="Sprite2D" parent="."]
position = Vector2(0, 4.76837e-07)
rotation = 3.14204
scale = Vector2(0.181, 0.181)
texture = ExtResource("2_t21ti")

[node name="CollisionShape2D" type="CollisionShape2D" parent="."]
visible = false
position = Vector2(-2, 15)
shape = SubResource("CircleShape2D_0s046")

[node name="Hitbox" type="Area2D" parent="."]
visible = false

[node name="CollisionShape2D" type="CollisionShape2D" parent="Hitbox"]
position = Vector2(-2, 14)
shape = SubResource("CircleShape2D_nmn4d")

[node name="Area2D" type="Area2D" parent="."]
visible = false

[node name="CollisionShape2D" type="CollisionShape2D" parent="Area2D"]
position = Vector2(0, 18)
shape = SubResource("CircleShape2D_7asno")

[connection signal="area_entered" from="Hitbox" to="." method="_on_hitbox_area_entered"]
[connection signal="area_entered" from="Area2D" to="." method="_on_area_2d_area_entered"]
[connection signal="area_exited" from="Area2D" to="." method="_on_area_2d_area_exited"]
